@article{Mohn2010,
author = {Mohn, J. and Guggenheim, C. and Tuzson, B. and Vollmer, M. K. and Toyoda, S. and Yoshida, N. and Emmenegger, L.},
doi = {10.5194/amt-3-609-2010},
issn = {18671381},
journal = {Atmospheric Measurement Techniques},
number = {3},
pages = {609--618},
title = {{A liquid nitrogen-free preconcentration unit for measurements of ambient N$_{\text{2}}$O isotopomers by QCLAS}},
volume = {3},
year = {2010}
}

@article{Eyer2015,
author = {Eyer, S. and Tuzson, B. and Popa, M. E. and van der Veen, C. and R{\"{o}}ckmann, T. and Rothe, M. and Brand, W. A. and Fisher, R. and Lowry, D. and Nisbet, E. G. and Brennwald, M. S. and Harris, E. and Zellweger, C. and Emmenegger, L. and Fischer, H. and Mohn, J.},
doi = {10.5194/amt-9-263-2016},
issn = {1867-8548},
journal = {Atmospheric Measurement Techniques},
pages = {8925--8970},
publisher = {European Geosciences Union, Copernicus},
title = {{Real-time analysis of $\delta^{13}$C- and $\delta$D-$_{\text{4}}$ in ambient air with laser spectroscopy: method development and first intercomparison results}},
volume = {8},
year = {2015}
}

@article{Ibraim2017,
author = {Ibraim, Erkan and Harris, Eliza and Eyer, Simon and Tuzson, B{\'{e}}la and Emmenegger, Lukas and Six, Johan and Mohn, Joachim},
doi = {10.1080/10256016.2017.1345902},
journal = {Isotopes in Environmental and Health Studies},
number = {1},
pages = {1--15},
title = {{Development of a field-deployable method for simultaneous, real-time measurements of the four most abundant N$_{\text{2}}$O isotopocules}},
volume = {54},
year = {2017}
}

@article{Herriott1965,
author = {Herriott, Donald R. and Schulte, Harry J.},
doi = {10.1364/ao.4.000883},
journal = {Appl. Opt.},
number = {8},
pages = {883},
title = {{Folded optical delay lines}},
volume = {4},
year = {1965}
}

@article{McManus2011,
author = {McManus, J. Barry and Zahniser, Mark S. and Nelson, David D.},
doi = {10.1364/AO.50.000A74},
journal = {Appl. Opt.},
number = {4},
pages = {A74},
title = {{Dual quantum cascade laser trace gas instrument with astigmatic Herriott cell at high pass number}},
volume = {50},
year = {2011}
}

@article{Nelson2002,
author = {Nelson, D. D. and Shorter, J. H. and McManus, J. B. and Zahniser, M. S.},
doi = {10.1007/s00340-002-0979-4},
journal = {Appl. Phys. B Lasers Opt.},
number = {2-3},
pages = {343--350},
title = {{Sub-part-per-billion detection of nitric oxide in air using a thermoelectrically cooled mid-infrared quantum cascade laser spectrometer}},
volume = {75},
year = {2002}
}

@article{Huang2003,
author = {Huang, Xianglei and Yung, Yuk Ling},
doi = {10.1175/1520-0469(2004)061<1630:ACMATV>2.0.CO;2},
journal = {J. Atmos. Sci.},
pages = {1630--1632},
title = {{A common misunderstanding about the Voigt line profile}},
volume = {61},
year = {2003}
}

@article{Rothman2013,
author = {Rothman, L.S. and Gordon, I.E. and Babikov, Y. and Barbe, A. and {Chris Benner}, D. and Bernath, P.F. and Birk, M. and Bizzocchi, L. and Boudon, V. and Brown, L.R. and Campargue, A. and Chance, K. and Cohen, E.A. and Coudert, L.H. and Devi, V.M. and Drouin, B.J. and Fayt, A. and Flaud, J.-M. and Gamache, R.R. and Harrison, J.J. and Hartmann, J.-M. and Hill, C. and Hodges, J.T. and Jacquemart, D. and Jolly, A. and Lamouroux, J. and {Le Roy}, R.J. and Li, G. and Long, D.A. and Lyulin, O.M. and Mackie, C.J. and Massie, S.T. and Mikhailenko, S. and M{\"{u}}ller, H.S.P. and Naumenko, O.V. and Nikitin, A.V. and Orphal, J. and Perevalov, V. and Perrin, A. and Polovtseva, E.R. and Richard, C. and Smith, M.A.H. and Starikova, E. and Sung, K. and Tashkun, S. and Tennyson, J. and Toon, G.C. and Tyuterev, Vl.G. and Wagner, G.},
doi = {10.1016/J.JQSRT.2013.07.002},
journal = {J. Quant. Spectrosc. Radiat. Transf.},
pages = {4--50},
title = {{The HITRAN2012 molecular spectroscopic database}},
volume = {130},
year = {2013}
}

@article{Levenberg1944,
author = {Levenberg, Kenneth},
journal = {Q. Appl. Math.},
number = {2},
pages = {164--168},
title = {{A method for the solution of certain non-linear problems in least squares}},
volume = {2},
year = {1944},
doi={10.1090/qam/10666}
}

@article{Marquardt1963,
author = {Marquardt, Donald W.},
doi = {10.1137/0111030},
journal = {J. Soc. Ind. Appl. Math.},
number = {2},
pages = {431--441},
title = {{An algorithm for least-squares estimation of nonlinear parameters}},
volume = {11},
year = {1963}
}